%% This BibTeX bibliography file was created using BibDesk.
%% https://bibdesk.sourceforge.io/

%% Created for Brian Weatherson at 2021-10-25 09:37:52 -0400 


%% Saved with string encoding Unicode (UTF-8) 



@book{Wittgenstein1953,
	address = {London},
	author = {Wittgenstein, Ludwig},
	date-added = {2021-10-25 09:37:41 -0400},
	date-modified = {2021-10-25 09:37:41 -0400},
	publisher = {Macmillan},
	title = {Philosophical Investigations},
	year = {1953}}

@book{Williamson1994,
	abstract = {Vagueness provides the first comprehensive examination of a topic of increasing importance in metaphysics and the philosophy of logic and language. Timothy Williamson traces the history of this philosophical problem from discussions of the heap paradox in classical Greece to modern formal approaches such as fuzzy logic. He illustrates the problems with views which have taken the position that standard logic and formal semantics do not apply to vague language, and defends the controversial realistic view that vagueness is a kind of ignorance--that there really is a grain of sand whose removal turns a heap into a non-heap, but we cannot know which one it is},
	address = {New York},
	author = {Timothy Williamson},
	date-added = {2021-10-25 09:37:34 -0400},
	date-modified = {2021-10-25 09:37:34 -0400},
	publisher = {Routledge},
	title = {{Vagueness}},
	year = {1994}}

@book{Williamson1994-WILV,
	abstract = {Vagueness provides the first comprehensive examination of a topic of increasing importance in metaphysics and the philosophy of logic and language. Timothy Williamson traces the history of this philosophical problem from discussions of the heap paradox in classical Greece to modern formal approaches such as fuzzy logic. He illustrates the problems with views which have taken the position that standard logic and formal semantics do not apply to vague language, and defends the controversial realistic view that vagueness is a kind of ignorance--that there really is a grain of sand whose removal turns a heap into a non-heap, but we cannot know which one it is},
	author = {Timothy Williamson},
	date-added = {2021-10-25 09:37:34 -0400},
	date-modified = {2021-10-25 09:37:34 -0400},
	publisher = {Routledge},
	title = {{Vagueness}},
	year = {1994}}

@book{Wang1987,
	address = {Cambridge, MA},
	author = {Wang, Hao},
	date-added = {2021-10-25 09:37:17 -0400},
	date-modified = {2021-10-25 09:37:17 -0400},
	publisher = {MIT Press},
	title = {Reflections on G\^odel},
	year = {1987}}

@book{Skidelsky1983,
	address = {London},
	author = {Skidelsky, Robert},
	date-added = {2021-10-25 09:37:11 -0400},
	date-modified = {2021-10-25 09:37:11 -0400},
	publisher = {Macmillan},
	title = {John Maynard Keynes. Vol. I: Hopes Betrayed, 1883-1920},
	year = {1983}}

@book{Skidelsky1992,
	address = {London},
	author = {Skidelsky, Robert},
	date-added = {2021-10-25 09:37:11 -0400},
	date-modified = {2021-10-25 09:37:11 -0400},
	publisher = {Macmillan},
	title = {John Maynard Keynes. Vol. II: The Economist as Saviour, 1920-1937},
	year = {1992}}

@book{Russell1948,
	address = {London},
	author = {Russell, Bertrand},
	date-added = {2021-10-25 09:37:04 -0400},
	date-modified = {2021-10-25 09:37:04 -0400},
	publisher = {Allen and Unwin},
	title = {Human Knowledge: Its Scope and Limits},
	year = {1948}}

@article{Russell1923,
	author = {Russell, Bertrand},
	date-added = {2021-10-25 09:37:04 -0400},
	date-modified = {2021-10-25 09:37:04 -0400},
	doi = {10.1080/00048402308540623},
	journal = {Australasian Journal of Philosophy and Psychology},
	number = {2},
	pages = {84-92},
	title = {Vagueness},
	volume = {1},
	year = {1923},
	bdsk-url-1 = {http://dx.doi.org/10.1080/00048402308540623}}

@book{RamseyPhilPapers,
	address = {Cambridge},
	author = {Frank Ramsey},
	booktitle = {Philosophical Papers},
	date-added = {2021-10-25 09:36:54 -0400},
	date-modified = {2021-10-25 09:36:54 -0400},
	editor = {D. H. Mellor},
	publisher = {Cambridge University Press},
	title = {Philosophical Papers},
	year = {1990}}

@incollection{Ramsey1929,
	author = {Frank Ramsey},
	booktitle = {Philosophical Papers},
	date-added = {2021-10-25 09:36:54 -0400},
	date-modified = {2021-10-25 09:36:54 -0400},
	editor = {D. H. Mellor},
	pages = {95-96},
	publisher = {Cambridge University Press},
	title = {Probability and Partial Belief},
	year = {1929/1990}}

@book{RamseyFM,
	address = {London},
	author = {Frank Ramsey},
	booktitle = {The Foundations of Mathematics and other Logical Essays},
	date-added = {2021-10-25 09:36:54 -0400},
	date-modified = {2021-10-25 09:36:54 -0400},
	editor = {R. B. Braithwaite},
	publisher = {Routledge},
	title = {The Foundations of Mathematics and other Logical Essays},
	year = {1931}}

@incollection{RamseyTruthProb,
	author = {Frank Ramsey},
	crossref = {RamseyPhilPapers},
	date-added = {2021-10-25 09:36:54 -0400},
	date-modified = {2021-10-25 09:36:54 -0400},
	pages = {52-94},
	title = {Truth and Probability},
	year = {1926}}

@incollection{Ramsey1926b,
	author = {Frank Ramsey},
	crossref = {RamseyFM},
	date-added = {2021-10-25 09:36:54 -0400},
	date-modified = {2021-10-25 09:36:54 -0400},
	pages = {156-198},
	title = {Truth and Probability}}

@incollection{ODonnell1997,
	author = {Rod O'Donnell},
	crossref = {HarcourtRiach1997},
	date-added = {2021-10-25 09:36:25 -0400},
	date-modified = {2021-10-25 09:36:25 -0400},
	pages = {131-165},
	title = {Keynes and Formalism},
	volume = {2},
	year = {1997}}

@incollection{ODonnell1991,
	author = {Rod O'Donnell},
	crossref = {ODonnell1991Book},
	date-added = {2021-10-25 09:36:21 -0400},
	date-modified = {2021-10-25 09:36:21 -0400},
	pages = {78-102},
	title = {Reply},
	year = {1991}}

@book{ODonnell1989,
	address = {London},
	author = {O'Donnell, Rod},
	date-added = {2021-10-25 09:36:19 -0400},
	date-modified = {2021-10-25 09:36:19 -0400},
	publisher = {Macmillan},
	title = {Keynes: Philosophy, Economics and Politics},
	year = {1989}}

@book{Moggridge1992,
	address = {London},
	author = {Moggridge, Donald},
	date-added = {2021-10-25 09:36:09 -0400},
	date-modified = {2021-10-25 09:36:09 -0400},
	publisher = {Routledge},
	title = {Maynard Keynes: An Economist's Biography},
	year = {1992}}

@book{Lewis1973a,
	address = {Oxford},
	author = {David Lewis},
	date-added = {2021-10-25 09:36:03 -0400},
	date-modified = {2021-10-25 09:36:03 -0400},
	publisher = {Blackwell Publishers},
	title = {Counterfactuals},
	year = {1973}}

@book{Kripke1982,
	address = {Oxford},
	author = {Kripke, Saul},
	date-added = {2021-10-25 09:35:56 -0400},
	date-modified = {2021-10-25 09:35:56 -0400},
	publisher = {Basil Blackwell},
	title = {Wittgenstein on Rules and Private Language},
	year = {1982}}

@article{Kripke1975,
	author = {Kripke, Saul},
	date-added = {2021-10-25 09:35:53 -0400},
	date-modified = {2021-10-25 09:35:53 -0400},
	doi = {10.2307/2024634},
	journal = {Journal of Philosophy},
	number = {19},
	pages = {690-716},
	title = {Outline of a Theory of Truth},
	volume = {72},
	year = {1975},
	bdsk-url-1 = {https://doi.org/10.2307/2024634}}

@inbook{Keynes1934,
	address = {London},
	crossref = {KeynesCW},
	date-added = {2021-10-25 09:35:36 -0400},
	date-modified = {2021-10-25 09:35:36 -0400},
	pages = {423-449},
	title = {Draft of the \textit{General Theory}},
	volume = {XIII},
	year = {1934}}

@book{Keynes1919,
	address = {London},
	author = {Keynes, John Maynard},
	date-added = {2021-10-25 09:35:36 -0400},
	date-modified = {2021-10-25 09:35:36 -0400},
	publisher = {Macmillan},
	title = {Economic Consequences of the Peace},
	year = {1919}}

@incollection{Keynes1910,
	author = {Keynes, John Maynard},
	crossref = {KeynesCW},
	date-added = {2021-10-25 09:35:36 -0400},
	date-modified = {2021-10-25 09:35:36 -0400},
	pages = {46-47},
	title = {Great Britain's Foreign Investments},
	volume = {XV},
	year = 1910}

@inbook{Keynes1938b,
	crossref = {KeynesCW},
	date-added = {2021-10-25 09:35:36 -0400},
	date-modified = {2021-10-25 09:35:36 -0400},
	pages = {293-294},
	title = {Letter to Hugh Townshend dated 7 December},
	volume = {14},
	year = {1938}}

@inbook{Keynes1938,
	crossref = {KeynesCW},
	date-added = {2021-10-25 09:35:36 -0400},
	date-modified = {2021-10-25 09:35:36 -0400},
	pages = {293-294},
	title = {Letter to Hugh Townshend dated 7 December},
	volume = {14},
	year = {1938}}

@inbook{Keynes1938a,
	crossref = {KeynesCW},
	date-added = {2021-10-25 09:35:36 -0400},
	date-modified = {2021-10-25 09:35:36 -0400},
	pages = {288-289},
	title = {Letter to Hugh Townshend dated 27 July},
	volume = {14},
	year = {1938}}

@incollection{Keynes1938c,
	author = {John Maynard Keynes},
	crossref = {KeynesCW},
	date-added = {2021-10-25 09:35:36 -0400},
	date-modified = {2021-10-25 09:35:36 -0400},
	pages = {433-451},
	title = {My Early Beliefs},
	volume = {X},
	year = {1938}}

@incollection{KeynesMEB,
	author = {John Maynard Keynes},
	crossref = {KeynesCW},
	date-added = {2021-10-25 09:35:36 -0400},
	date-modified = {2021-10-25 09:35:36 -0400},
	pages = {433-451},
	title = {My Early Beliefs},
	volume = {X},
	year = {1938}}

@article{Keynes1931,
	author = {Keynes, John Maynard},
	date-added = {2021-10-25 09:35:36 -0400},
	date-modified = {2021-10-25 09:35:36 -0400},
	journal = {The New Statesman and Nation},
	note = {Reprinted in \cite[X 336-339]{KeynesCW}},
	pages = {407},
	title = {Review of \textit{Foundations of Mathematics} by Frank Ramsey},
	volume = {2},
	year = {1931}}

@book{KeynesCW,
	address = {London},
	author = {John Maynard Keynes},
	booktitle = {The Collected Writings of John Maynard Keynes},
	date-added = {2021-10-25 09:35:36 -0400},
	date-modified = {2021-10-25 09:35:36 -0400},
	note = {Edited by D. E. Moggridge},
	publisher = {Macmillan},
	title = {The Collected Writings of John Maynard Keynes},
	year = {1971}}

@article{Keynes1937b,
	author = {Keynes, John Maynard},
	date-added = {2021-10-25 09:35:36 -0400},
	date-modified = {2021-10-25 09:35:36 -0400},
	doi = {10.2307/2225323},
	journal = {Economic Journal},
	note = {Reprinted in \cite[XIV 215-223]{KeynesCW}, references to reprint.},
	number = {188},
	pages = {663-668},
	title = {The Ex Ante Theory of the Rate of Interest},
	volume = {47},
	year = {1937},
	bdsk-url-1 = {https://doi.org/10.2307/2225323}}

@article{Keynes1937a,
	author = {Keynes, John Maynard},
	date-added = {2021-10-25 09:35:36 -0400},
	date-modified = {2021-10-25 09:35:36 -0400},
	doi = {10.2307/1882087},
	journal = {Quarterly Journal of Economics},
	note = {Reprinted in \cite[XIV 109-123]{KeynesCW}, references to reprint.},
	number = {2},
	pages = {209-223},
	title = {The General Theory of Employment},
	volume = {51},
	year = {1937},
	bdsk-url-1 = {https://doi.org/10.2307/1882087}}

@article{Keynes1937,
	author = {Keynes, John Maynard},
	date-added = {2021-10-25 09:35:36 -0400},
	date-modified = {2021-10-25 09:35:36 -0400},
	doi = {10.2307/1882087},
	journal = {Quarterly Journal of Economics},
	note = {Reprinted in \cite[XIV 109-123]{KeynesCW}, references to reprint.},
	number = {2},
	pages = {209-223},
	title = {The General Theory of Employment},
	volume = {51},
	year = {1937},
	bdsk-url-1 = {https://doi.org/10.2307/1882087}}

@book{Keynes1936,
	address = {London},
	author = {Keynes, John Maynard},
	date-added = {2021-10-25 09:35:36 -0400},
	date-modified = {2021-10-25 09:35:36 -0400},
	publisher = {Macmillan},
	title = {The General Theory of Employment, Interest and Money},
	year = {1936}}

@incollection{Keynes1909,
	address = {London},
	author = {John Maynard Keynes},
	crossref = {KeynesCW},
	date-added = {2021-10-25 09:35:36 -0400},
	date-modified = {2021-10-25 09:35:36 -0400},
	pages = {50-156},
	title = {The Method of Index Numbers with Special Reference to the Measurement of General Exchange Value},
	volume = {XI},
	year = {1909}}

@incollection{Keynes1921b,
	author = {John Maynard Keynes},
	crossref = {KeynesCW},
	date-added = {2021-10-25 09:35:36 -0400},
	date-modified = {2021-10-25 09:35:36 -0400},
	pages = {295-307},
	title = {The State and Finance},
	volume = {XVI},
	year = {1921}}

@book{Keynes1921,
	address = {London},
	author = {John Maynard Keynes},
	date-added = {2021-10-25 09:35:36 -0400},
	date-modified = {2021-10-25 09:35:36 -0400},
	publisher = {Macmillan},
	title = {Treatise on Probability},
	year = {1921}}

@book{Keefe2000,
	address = {Cambridge},
	author = {Keefe, Rosanna},
	date-added = {2021-10-25 09:34:53 -0400},
	date-modified = {2021-10-25 09:34:53 -0400},
	publisher = {Cambridge University Press},
	title = {Theories of Vagueness},
	year = {2000}}

@book{Haack1974,
	address = {Chicago},
	author = {Haack, Susan},
	date-added = {2021-10-25 09:34:48 -0400},
	date-modified = {2021-10-25 09:34:48 -0400},
	publisher = {University of Chicago Press},
	title = {Deviant Logic},
	year = {1974}}

@article{vanFraassen1966,
	author = {van Fraassen, Bas},
	date-added = {2021-10-25 09:34:42 -0400},
	date-modified = {2021-10-25 09:34:42 -0400},
	doi = {10.2307/2024549},
	journal = {Journal of Philosophy},
	number = {17},
	pages = {481-495},
	title = {Singular Terms, Truth--Value Gaps and Free Logic},
	volume = {66},
	year = {1966},
	bdsk-url-1 = {https://doi.org/10.2307/2024549}}

@article{Fine1975a,
	author = {Fine, Kit},
	date-added = {2021-10-25 09:34:33 -0400},
	date-modified = {2021-10-25 09:34:33 -0400},
	doi = {10.1007/bf00485047},
	journal = {Synthese},
	number = {3-4},
	pages = {265-300},
	title = {Vagueness, Truth and Logic},
	volume = {30},
	year = {1975},
	bdsk-url-1 = {https://doi.org/10.1007/bf00485047}}

@article{Dummett1959,
	author = {Dummett, Michael},
	date-added = {2021-10-25 09:34:26 -0400},
	date-modified = {2021-10-25 09:34:26 -0400},
	doi = {10.1093/aristotelian/59.1.141},
	journal = {Proceedings of the Aristotelian Society},
	number = {1},
	pages = {141-162},
	title = {Truth},
	volume = {59},
	year = {1959},
	bdsk-url-1 = {https://doi.org/10.1093/aristotelian/59.1.141}}

@article{Davis1995,
	author = {Davis, John},
	date-added = {2021-10-25 09:34:18 -0400},
	date-modified = {2021-10-25 09:34:18 -0400},
	doi = {10.1215/00182702-27-2-237},
	journal = {History of Political Economy},
	number = {2},
	pages = {237-260},
	title = {Keynes' Later Philosophy},
	volume = {27},
	year = {1995},
	bdsk-url-1 = {https://doi.org/10.1215/00182702-27-2-237}}

@book{Davis1994,
	address = {Cambridge},
	author = {Davis, John},
	date-added = {2021-10-25 09:34:18 -0400},
	date-modified = {2021-10-25 09:34:18 -0400},
	publisher = {Cambridge University Press},
	title = {Keynes's Philosophical Development},
	year = {1994}}

@article{Davis1979,
	author = {Davis, Wayne A.},
	date-added = {2021-10-25 09:34:18 -0400},
	date-modified = {2021-10-25 09:34:18 -0400},
	doi = {10.2307/2184844},
	journal = {Philosophical Review},
	number = {4},
	pages = {544-564},
	title = {Indicative and Subjunctive Conditionals},
	volume = {88},
	year = {1979},
	bdsk-url-1 = {https://doi.org/10.2307/2184844}}

@incollection{Coates1997,
	author = {John Coates},
	crossref = {HarcourtRiach1997},
	date-added = {2021-10-25 09:34:13 -0400},
	date-modified = {2021-10-25 09:34:13 -0400},
	pages = {244-260},
	title = {Keynes, Vague Concepts and Fuzzy Logic},
	volume = {2},
	year = {1997}}

@book{Coates1996,
	address = {Cambridge},
	author = {Coates, John},
	date-added = {2021-10-25 09:34:13 -0400},
	date-modified = {2021-10-25 09:34:13 -0400},
	publisher = {Cambridge University Press},
	title = {The Claims of Common Sense},
	year = {1996}}

@book{Carnap1950,
	address = {Chicago},
	author = {Carnap, Rudolf},
	date-added = {2021-10-25 09:34:06 -0400},
	date-modified = {2021-10-25 09:34:06 -0400},
	publisher = {University of Chicago Press},
	title = {Logical Foundations of Probability},
	year = {1950}}

@incollection{BradfordHarcourt1997,
	author = {Wylie Bradford and Geoff Harcourt},
	crossref = {HarcourtRiach1997},
	date-added = {2021-10-25 09:34:01 -0400},
	date-modified = {2021-10-25 09:34:01 -0400},
	pages = {107-131},
	title = {Definitions and Units},
	volume = {1},
	year = {1997}}

@article{Borel1924,
	author = {Borel, Emile},
	date-added = {2021-10-25 09:33:53 -0400},
	date-modified = {2021-10-25 09:33:53 -0400},
	journal = {Revue Philosophique},
	pages = {321-336},
	title = {A propos d'un Trait{\'e} de Probabilit{\'e}s},
	volume = {98},
	year = {1924}}

@article{Bochvar1939,
	author = {Bochvar, D. A.},
	date-added = {2021-10-25 09:33:49 -0400},
	date-modified = {2021-10-25 09:33:49 -0400},
	doi = {10.2307/2269081},
	journal = {Matematicheskii Sbornik},
	number = {2},
	pages = {287-308},
	title = {On a Three Valued Calculus and Its Application to the Analysis of Contradictories},
	volume = {4},
	year = {1939},
	bdsk-url-1 = {http://dx.doi.org/10.2307/2269081}}

@book{Bateman1996,
	address = {Ann Arbor},
	author = {Bateman, Bradley},
	date-added = {2021-10-25 09:33:44 -0400},
	date-modified = {2021-10-25 09:33:44 -0400},
	publisher = {University of Michigan Press},
	title = {Keynes's Uncertain Revolution.},
	year = {1996}}

@book{Ayer1936,
	address = {London},
	author = {Ayer, Alfred},
	date-added = {2021-10-25 09:33:38 -0400},
	date-modified = {2021-10-25 09:33:38 -0400},
	publisher = {Gollantz.},
	title = {Language, Truth and Logic.},
	year = {1936}}
