%% This BibTeX bibliography file was created using BibDesk.
%% https://bibdesk.sourceforge.io/

%% Created for Brian Weatherson at 2024-04-10 14:33:00 -0400 


%% Saved with string encoding Unicode (UTF-8) 



@article{Wells2019,
	author = {Ian Wells},
	date-added = {2024-04-10 14:32:49 -0400},
	date-modified = {2024-04-10 14:32:49 -0400},
	doi = {10.1093/mind/fzx018},
	journal = {Mind},
	number = {510},
	pages = {429-457},
	title = {Equal Opportunity and Newcomb's Problem},
	volume = {128},
	year = {2019},
	bdsk-url-1 = {https://doi.org/10.1093/mind/fzx018}}

@article{Wedgwood2013a,
	author = {Ralph Wedgwood},
	date-added = {2024-04-10 14:32:39 -0400},
	date-modified = {2024-04-10 14:32:39 -0400},
	doi = {10.1007/s11229-011-9900-1},
	journal = {Synthese},
	month = {September},
	number = {14},
	pages = {2643--2675},
	title = {Gandalf's solution to the Newcomb problem},
	volume = {190},
	year = {2013},
	bdsk-url-1 = {https://doi.org/10.1007/s11229-011-9900-1}}

@article{Spencer2023,
	author = {Jack Spencer},
	date-added = {2024-04-10 14:32:34 -0400},
	date-modified = {2024-04-10 14:32:34 -0400},
	doi = {10.1080/00048402.2021.1958880},
	journal = {Australasian Journal of Philosophy},
	number = {1},
	pages = {128-139},
	title = {Can It Be Irrational to Knowingly Choose the Best?},
	volume = {101},
	year = {2023},
	bdsk-url-1 = {https://doi.org/10.1080/00048402.2021.1958880}}

@article{Podgorski2022,
	author = {Aberlard Podgorski},
	date-added = {2024-04-10 14:32:23 -0400},
	date-modified = {2024-04-10 14:32:23 -0400},
	doi = {10.1111/nous.12353},
	journal = {No{\^u}s},
	number = {1},
	pages = {176-203},
	title = {Tournament Decision Theory},
	volume = {56},
	year = {2022},
	bdsk-url-1 = {https://doi.org/10.1111/nous.12353}}

@article{Lewis1981en,
	author = {David Lewis},
	date-added = {2024-04-10 14:32:13 -0400},
	date-modified = {2024-04-10 14:32:13 -0400},
	doi = {10.2307/2215439},
	journal = {No{\^u}s},
	number = {3},
	pages = {377-380},
	title = {Why Ain'cha Rich?},
	volume = {15},
	year = {1981},
	bdsk-url-1 = {http://dx.doi.org/10.2307/2215439}}

@article{Lewis1981bn,
	author = {David Lewis},
	date-added = {2024-04-10 14:31:22 -0400},
	date-modified = {2024-04-10 14:31:22 -0400},
	doi = {10.1080/00048408112340011},
	journal = {Australasian Journal of Philosophy},
	number = {1},
	pages = {5-30},
	title = {Causal Decision Theory},
	volume = {59},
	year = {1981},
	bdsk-url-1 = {http://dx.doi.org/10.1080/00048408112340011}}

@book{Lewis1969a,
	address = {Cambridge},
	author = {David Lewis},
	date-added = {2024-04-10 14:31:12 -0400},
	date-modified = {2024-04-10 14:31:12 -0400},
	publisher = {Harvard University Press},
	title = {Convention: A Philosophical Study},
	year = {1969}}

@article{LevinsteinSoares2020,
	author = {Benjamin Anders Levinstein and Nate Soares},
	date-added = {2024-04-10 14:31:06 -0400},
	date-modified = {2024-04-10 14:31:06 -0400},
	doi = {10.5840/jphil2020117516},
	journal = {Journal of Philosophy},
	number = {5},
	pages = {237-266},
	title = {Cheating Death in Damascus},
	volume = {117},
	year = {2020},
	bdsk-url-1 = {https://doi.org/10.5840/jphil2020117516}}

@article{Joyce2012,
	author = {James M. Joyce},
	date-added = {2024-04-10 14:30:56 -0400},
	date-modified = {2024-04-10 14:30:56 -0400},
	doi = {10.1007/s11229-011-0022-6},
	journal = {Synthese},
	number = {1},
	pages = {123-145},
	title = {Regret and instability in causal decision theory},
	volume = {187},
	year = {2012},
	bdsk-url-1 = {https://doi.org/10.1007/s11229-011-0022-6}}

@article{Hammond1988,
	author = {Peter J. Hammond},
	date-added = {2024-04-10 14:30:50 -0400},
	date-modified = {2024-04-10 14:30:50 -0400},
	doi = {10.1007/BF00129168},
	journal = {Theory and Decision},
	number = {1},
	pages = {25-78},
	title = {Consequentialist Foundations for Expected Utility},
	volume = {25},
	year = {1988},
	bdsk-url-1 = {http://dx.doi.org/10.1007/BF00129168}}

@article{Harper1986,
	author = {William Harper},
	date-added = {2024-04-10 14:30:42 -0400},
	date-modified = {2024-04-10 14:30:42 -0400},
	doi = {10.1007/BF00183199},
	journal = {Erkenntnis},
	number = {1},
	pages = {25-36},
	title = {Mixed Strategies and Ratifiability in Causal Decision Theory},
	volume = {24},
	year = {1986},
	bdsk-url-1 = {http://dx.doi.org/10.1007/BF00183199}}

@article{Gustafsson2011,
	author = {Johan E. Gustafsson},
	date-added = {2024-04-10 14:30:37 -0400},
	date-modified = {2024-04-10 14:30:37 -0400},
	doi = {10.1007/s10670-010-9267-6},
	journal = {Erkenntnis},
	number = {1},
	pages = {147-150},
	title = {A Note in Defence of Ratificationism},
	volume = {75},
	year = {2011},
	bdsk-url-1 = {https://doi.org/10.1007/s10670-010-9267-6}}

@incollection{GibbardHarper1978,
	author = {Allan Gibbard and William Harper},
	crossref = {HookerLeachMcClennen},
	date-added = {2024-04-10 14:30:28 -0400},
	date-modified = {2024-04-10 14:30:28 -0400},
	pages = {125-162},
	title = {Counterfactuals and Two Kinds of Expected Utility},
	year = {1978}}

@article{Gallow2020,
	author = {J. Dmitri Gallow},
	date-added = {2024-04-10 14:30:16 -0400},
	date-modified = {2024-04-10 14:30:16 -0400},
	doi = {10.5840/jphil202011739},
	journal = {The Journal of Philosophy},
	number = {3},
	pages = {117-149},
	title = {The Causal Decision Theorist's Guide to Managing the News},
	volume = {117},
	year = {2020},
	bdsk-url-1 = {https://doi.org/10.5840/jphil202011739}}

@electronic{Fuscond,
	author = {Melissa Fusco},
	date-added = {2024-04-10 14:30:11 -0400},
	date-modified = {2024-04-10 14:30:11 -0400},
	doi = {10.1111/nous.12459},
	journal = {\emph{No{\^u}s}},
	note = {Early view},
	title = {Absolution of a Causal Decision Theorist},
	url = {https://dx.doi.org/10.1111/nous.12459},
	urldate = {July 6, 2023},
	bdsk-url-1 = {https://dx.doi.org/10.1111/nous.12459}}

@article{ChoKreps1987,
	author = {In-Koo Cho and David M. Kreps},
	booktitle = {Signalling Games and Stable Equilibria},
	date-added = {2024-04-10 14:30:07 -0400},
	date-modified = {2024-04-10 14:30:07 -0400},
	doi = {10.2307/1885060},
	journal = {The Quarterly Journal of Economics},
	month = {May},
	number = {2},
	pages = {179-221},
	title = {Signalling Games and Stable Equilibria},
	volume = {102},
	year = {1987},
	bdsk-url-1 = {http://dx.doi.org/10.2307/1885060}}

@article{Barnett2022,
	author = {David James Barnett},
	date-added = {2024-04-10 14:29:53 -0400},
	date-modified = {2024-04-10 14:29:53 -0400},
	doi = {10.5840/jphil202211925},
	journal = {Journal of Philosophy},
	number = {2},
	pages = {57-88},
	title = {Graded Ratifiability},
	volume = {119},
	year = {2022},
	bdsk-url-1 = {http://www.davidjamesbar.net/wp-content/uploads/2018/03/Barnett-Graded-Ratifiability-March-2018.pdf}}

@article{Bales2018,
	author = {Adam Bales},
	date-added = {2024-04-10 14:29:48 -0400},
	date-modified = {2024-04-10 14:29:48 -0400},
	doi = {10.1007/s11229-016-1214-x},
	journal = {Synthese},
	number = {1},
	pages = {259--267},
	title = {Richness and Rationality: Causal Decision Theory and the WAR Argument},
	volume = {195},
	year = {2018},
	bdsk-url-1 = {https://doi.org/10.1007/s11229-016-1214-x}}

@article{Arntzenius2008,
	author = {Frank Arntzenius},
	date-added = {2024-04-10 14:29:39 -0400},
	date-modified = {2024-04-10 14:29:39 -0400},
	doi = {10.1007/s10670-007-9084-8},
	journal = {Erkenntnis},
	number = {2},
	pages = {277-297},
	title = {No Regrets; or, Edith Piaf Revamps Decision Theory},
	volume = {68},
	year = {2008},
	bdsk-url-1 = {https://doi.org/10.1007/s10670-007-9084-8}}

@article{AhmedPrice2012,
	author = {Arif Ahmed and Huw Price},
	date-added = {2024-04-10 14:29:32 -0400},
	date-modified = {2024-04-10 14:29:32 -0400},
	doi = {10.1007/s10670-011-9355-2},
	journal = {Erkenntnis},
	number = {1},
	pages = {15--30},
	title = {Arntzenius on \textquoteleft{}Why Ain\textquoteright{}Cha Rich?\textquoteright},
	volume = {77},
	year = {2012},
	bdsk-url-1 = {https://doi.org/10.1007/s10670-011-9355-2}}

@book{Ahmed2014,
	address = {Cambridge},
	author = {Arif Ahmed},
	date-added = {2024-04-10 14:29:23 -0400},
	date-modified = {2024-04-10 14:29:23 -0400},
	publisher = {{C}ambridge {U}niversity {P}ress},
	title = {Evidence, Decision and Causality},
	year = {2014}}

@article{Ahmed2020,
	author = {Arif Ahmed},
	date-added = {2024-04-10 14:29:23 -0400},
	date-modified = {2024-04-10 14:29:23 -0400},
	doi = {10.1093/mind/fzz073},
	journal = {Mind},
	number = {515},
	pages = {867-886},
	title = {Equal Opportunities in Newcomb's Problem and Elsewhere},
	volume = {129},
	year = {2020},
	bdsk-url-1 = {https://doi.org/10.1093/mind/fzz073}}
